<record xmlns="http://www.loc.gov/MARC21/slim" xmlns:xsi="http://www.w3.org/2001/XMLSchema-instance" xsi:schemaLocation="http://www.loc.gov/MARC21/slim http://www.loc.gov/standards/marcxml/schema/MARC21slim.xsd">

  <leader>00468nam a2200145   4500</leader>
  <controlfield tag="008">160829b2016    cr a|||| |||| 00| | spa d</controlfield>
  <datafield ind2=" " tag="090" ind1=" ">
    <subfield code="a">19.02.09</subfield>
    <subfield code="b">2370</subfield>
  </datafield>
  <datafield tag="110" ind1="2" ind2=" ">
    <subfield code="9">585</subfield>
    <subfield code="a">Universidad de Costa Rica</subfield>
  </datafield>
  <datafield ind2="0" ind1="1" tag="245">
    <subfield code="a">Manual de protocolo universitario / </subfield>
    <subfield code="c">Universidad de Costa Rica</subfield>
  </datafield>
  <datafield ind2=" " tag="260" ind1=" ">
    <subfield code="a">[San José, Costa Rica] :</subfield>
    <subfield code="b">Universidad de Costa Rica,</subfield>
    <subfield code="c">2016</subfield>
  </datafield>
  <datafield ind2=" " tag="300" ind1=" ">
    <subfield code="a">59 páginas</subfield>
  </datafield>
  <datafield ind2="4" tag="610" ind1="2">
    <subfield code="9">714</subfield>
    <subfield code="a">UNIVERSIDAD DE COSTA RICA</subfield>
  </datafield>
  <datafield ind2="4" tag="650" ind1="1">
    <subfield code="9">426</subfield>
    <subfield code="a">MANUALES </subfield>
  </datafield>
  <datafield ind2=" " tag="942" ind1=" ">
    <subfield code="2">z</subfield>
    <subfield code="c">01</subfield>
  </datafield>
  <datafield ind2=" " tag="999" ind1=" ">
    <subfield code="c">3307</subfield>
    <subfield code="d">3307</subfield>
  </datafield>
</record>